@article{sleep_brain,
  title={The role of sleep in memory consolidation},
  author={Walker, Matthew P and Stickgold, Robert},
  journal={Neuron},
  year={2004}
}